@article{hanley2009,
  title={Fitting {smooth-in-time} prognostic risk functions via logistic regression},
  author={Hanley, James A and Miettinen, Olli S},
  journal={The International Journal of Biostatistics},
  volume={5},
  number={1},
  year={2009},
  publisher={De Gruyter}
}

@book{gulli2017,
  title={Deep learning with Keras},
  author={Gulli, Antonio and Pal, Sujit},
  year={2017},
  publisher={Packt Publishing Ltd}
}


@article{lee2018DeepHit,
  title={DeepHit: A Deep Learning Approach to Survival Analysis With Competing Risks.},
  author={Lee, Changhee and Zame, William R and Yoon, Jinsung and Schaar, Mihaela van der},
  journal={AAAI Conference on Artificial Intelligence},
  pages={2314--2321},
  year={2018},
  note={Software from pycox version 0.2.2}
}


@article{katzman2018DeepSurv,
  title={DeepSurv: personalized treatment recommender system using a Cox proportional hazards deep neural network},
  author={Katzman, Jared L and Shaham, Uri and Cloninger, Alexander and Bates, Jonathan and Jiang, Tingting and Kluger, Yuval},
  journal={BMC Medical Research Methodology},
  volume={18},
  number={1},
  pages={24},
  year={2018},
  publisher={Springer}
}


@article{knaus1995SUPPORT,
  title={The SUPPORT prognostic model: Objective estimates of survival for seriously ill hospitalized adults},
  author={Knaus, William A and Harrell, Frank E and Lynn, Joanne and Goldman, Lee and Phillips, Russell S and Connors, Alfred F and Dawson, Neal V and Fulkerson, William J and Califf, Robert M and Desbiens, Norman and others},
  journal={Annals of Internal Medicine},
  volume={122},
  number={3},
  pages={191--203},
  year={1995},
  publisher={Am Coll Physicians}
}


@article{srivastava2014dropout,
  title={Dropout: A simple way to prevent neural networks from overfitting},
  author={Srivastava, Nitish and Hinton, Geoffrey and Krizhevsky, Alex and Sutskever, Ilya and Salakhutdinov, Ruslan},
  journal={The Journal of Machine Learning Research},
  volume={15},
  number={1},
  pages={1929--1958},
  year={2014},
  publisher={JMLR.org}
}





  @misc{cbpkg,
    title = {casebase: Fitting Flexible Smooth-in-Time Hazards and Risk Functions via Logistic and Multinomial Regression},
    author = {Sahir Bhatnagar and Maxime Turgeon and Jesse Islam and Olli Saarela and James Hanley},
    year = {2020},
    note = {R package version 0.9.0},
    url = {https://CRAN.R-project.org/package=casebase},
    howpublished = "WebPage"
  }






@article{dsmPaper,
  title={Deep survival machines: Fully parametric survival regression and representation learning for censored data with competing risks},
  author={Nagpal, Chirag and Li, Xinyu Rachel and Dubrawski, Artur},
  journal={IEEE Journal of Biomedical and Health Informatics},
  year={2021},
  note = {Software downloaded March 10, 2021},
  publisher={IEEE}
}




@article{kattan2018index,
  title={The index of prediction accuracy: an intuitive measure useful for evaluating risk prediction models},
  author={Kattan, Michael W and Gerds, Thomas A},
  journal={Diagnostic and prognostic research},
  volume={2},
  number={1},
  pages={1--7},
  year={2018},
  publisher={Springer}
}



@article{curtis2012genomic,
  title={The genomic and transcriptomic architecture of 2,000 breast tumours reveals novel subgroups},
  author={Curtis, Christina and Shah, Sohrab P and Chin, Suet-Feung and Turashvili, Gulisa and Rueda, Oscar M and Dunning, Mark J and Speed, Doug and Lynch, Andy G and Samarajiwa, Shamith and Yuan, Yinyin and others},
  journal={Nature},
  volume={486},
  number={7403},
  pages={346--352},
  year={2012},
  publisher={Nature Publishing Group}
}






@article{graf1999,
  title={Assessment and comparison of prognostic classification schemes for survival data},
  author={Graf, Erika and Schmoor, Claudia and Sauerbrei, Willi and Schumacher, Martin},
  journal={Statistics in medicine},
  volume={18},
  number={17-18},
  pages={2529--2545},
  year={1999},
  publisher={Wiley Online Library}
}

@article{uno2011,
  title={On the C-statistics for evaluating overall adequacy of risk prediction procedures with censored survival data},
  author={Uno, Hajime and Cai, Tianxi and Pencina, Michael J and D'Agostino, Ralph B and Wei, Lee-Jen},
  journal={Statistics in medicine},
  volume={30},
  number={10},
  pages={1105--1117},
  year={2011},
  publisher={Wiley Online Library}
}

@article{saarela2015,
  title={Case-base methods for studying vaccination safety},
  author={Saarela, Olli and Hanley, James A},
  journal={Biometrics},
  volume={71},
  number={1},
  pages={42--52},
  year={2015},
  publisher={Wiley Online Library}
}





@article{sksurv,
  author  = {Sebastian P{\"o}lsterl},
  title   = {scikit-survival: A Library for Time-to-Event Analysis Built on Top of scikit-learn},
  journal = {Journal of Machine Learning Research},
  year    = {2020},
  note = {Version 0.14.0},
  volume  = {21},
  number  = {212},
  pages   = {1-6},
  url     = {http://jmlr.org/papers/v21/20-729.html}
}
 
@misc{Rsoft,
    title = {R: A Language and Environment for Statistical Computing},
    author = {{R Core Team}},
    organization = {R Foundation for Statistical Computing},
    address = {Vienna, Austria},
    year = {2020},
    note = {version 4.0.3},
    url = {https://www.R-project.org/},
    howpublished = "WebPage"
  }
  
@Book{survpkg,
    title = {Modeling Survival Data: Extending the {C}ox Model},
    author = {{Terry M. Therneau} and {Patricia M. Grambsch}},
    year = {2000},
    publisher = {Springer},
    note = {R package version 3.2-11},
    address = {New York},
    isbn = {0-387-98784-3},
  }
  
@misc{survmods,
    title = {survivalmodels: Models for Survival Analysis},
    author = {Raphael Sonabend},
    year = {2021},
    note = {R package version 0.1.8.9000},
    url = {https://github.com/RaphaelS1/survivalmodels/},
    howpublished = "WebPage"
  }
  
  
@misc{tf,
    title = {tensorflow: R Interface to 'TensorFlow'},
    author = {JJ Allaire and Yuan Tang},
    year = {2020},
    note = {R package version 2.7.0},
    url = {https://CRAN.R-project.org/package=tensorflow},
    howpublished = "WebPage"
  }
  
@misc{keras,
    title = {keras: R Interface to 'Keras'},
    author = {JJ Allaire and Fran√ßois Chollet},
    year = {2021},
    note = {R package version 2.7.0},
    url = {https://keras.rstudio.com},
    howpublished = "WebPage"
  }
  
@Article{simsurv,
    title = {Simulating Survival Data Using the {simsurv} {R} Package},
    author = {Samuel L. Brilleman and Rory Wolfe and Margarita Moreno-Betancur and Michael J. Crowther},
    journal = {Journal of Statistical Software},
    year = {2020},
    note = {R package version 1.0.0 },
    volume = {97},
    number = {3},
    pages = {1--27},
    doi = {10.18637/jss.v097.i03},
    howpublished = "WebPage"
  }

@misc{reticulate,
    title = {reticulate: Interface to 'Python'},
    author = {Kevin Ushey and JJ Allaire and Yuan Tang},
    year = {2020},
    note = {R package version 1.22},
    url = {https://CRAN.R-project.org/package=reticulate},
    howpublished = "WebPage"
  }
  
@book{py,
 author = {Van Rossum, Guido and Drake, Fred L.},
 title = {Python 3 Reference Manual},
 year = {2009},
 note = {Version 3.6.13},
 isbn = {1441412697},
 publisher = {CreateSpace},
 address = {Scotts Valley, CA}
}

@Article{flexsurv,
    title = {{flexsurv}: A Platform for Parametric Survival Modeling in {R}},
    author = {Christopher Jackson},
    journal = {Journal of Statistical Software},
    year = {2016},
    note = {R package version 2.0 },
    volume = {70},
    number = {8},
    pages = {1--33},
    doi = {10.18637/jss.v070.i08},
  }




  
  @Book{riskRegression,
    title = {Medical Risk Prediction Models: With Ties to Machine Learning (1st ed.)},
    author = {Thomas A. Gerds and Michael W. Kattan},
    publisher = {Chapman and Hall/CRC},
    year = {2021},
    note = {R package version 2021.10.10 },
    url = {https://doi.org/10.1201/9781138384484},
  }  
  
  
  @article{wang2019extreme,
  title={Extreme learning machine Cox model for high-dimensional survival analysis},
  author={Wang, Hong and Li, Gang},
  journal={Statistics in medicine},
  volume={38},
  number={12},
  pages={2139--2156},
  year={2019},
  publisher={Wiley Online Library}
}


@article{sun2020genome,
  title={Genome-wide association study-based deep learning for survival prediction},
  author={Sun, Tao and Wei, Yue and Chen, Wei and Ding, Ying},
  journal={Statistics in medicine},
  volume={39},
  number={30},
  pages={4605--4620},
  year={2020},
  publisher={Wiley Online Library}
}


@article{ripley2004non,
  title={Non-linear survival analysis using neural networks},
  author={Ripley, Ruth M and Harris, Adrian L and Tarassenko, Lionel},
  journal={Statistics in medicine},
  volume={23},
  number={5},
  pages={825--842},
  year={2004},
  publisher={Wiley Online Library}
}



@article{faraggi1995neural,
  title={A neural network model for survival data},
  author={Faraggi, David and Simon, Richard},
  journal={Statistics in medicine},
  volume={14},
  number={1},
  pages={73--82},
  year={1995},
  publisher={Wiley Online Library}
}



@article{ribeiro2016model,
  title={Model-agnostic interpretability of machine learning},
  author={Ribeiro, Marco Tulio and Singh, Sameer and Guestrin, Carlos},
  journal={arXiv preprint arXiv:1606.05386},
  year={2016}
}



@article{royston2002flexible,
  title={Flexible parametric proportional-hazards and proportional-odds models for censored survival data, with application to prognostic modelling and estimation of treatment effects},
  author={Royston, Patrick and Parmar, Mahesh KB},
  journal={Statistics in medicine},
  volume={21},
  number={15},
  pages={2175--2197},
  year={2002},
  publisher={Wiley Online Library}
}


@article{cindexfails2019,
  title={The c-index is not proper for the evaluation of-year predicted risks},
  author={Blanche, Paul and Kattan, Michael W and Gerds, Thomas A},
  journal={Biostatistics},
  volume={20},
  number={2},
  pages={347--357},
  year={2019},
  publisher={Oxford University Press}
}


@article{hilsenbeck1998time,
  title={Time-dependence of hazard ratios for prognostic factors in primary breast cancer},
  author={Hilsenbeck, Susan G and Ravdin, Peter M and Moor, Carl A de and Chamness, Gary C and Osborne, C Kent and Clark, Gary M},
  journal={Breast cancer research and treatment},
  volume={52},
  number={1},
  pages={227--237},
  year={1998},
  publisher={Springer}
}

@article{coradini2000time,
  title={Time-dependent relevance of steroid receptors in breast cancer},
  author={Coradini, Danila and Daidone, Maria Grazia and Boracchi, Patrizia and Biganzoli, Elia and Oriana, Saro and Bresciani, Gianluigi and Pellizzaro, Cinzia and Tomasic, Gorana and Di Fronzo, Giovanni and Marubini, Ettore},
  journal={Journal of clinical oncology},
  volume={18},
  number={14},
  pages={2702--2709},
  year={2000},
  publisher={American Society of Clinical Oncology}
}

@article{bozinovski2020reminder,
  title={Reminder of the first paper on transfer learning in neural networks, 1976},
  author={Bozinovski, Stevo},
  journal={Informatica},
  volume={44},
  number={3},
  year={2020}
}


@book{hughes2020calculus,
  title={Calculus: Single and multivariable},
  author={Hughes-Hallett, Deborah and Gleason, Andrew M and McCallum, William G},
  year={2020},
  publisher={John Wiley \& Sons}
}

@book{kleinbaum2012survival,
  title={Survival analysis: a self-learning text},
  author={Kleinbaum, David G and Klein, Mitchel},
  volume={3},
  year={2012},
  publisher={Springer}
}