%% This BibTeX bibliography file was created using BibDesk.
%% https://bibdesk.sourceforge.io/

%% Created for Jesse Islam at 2023-03-30 13:14:10 -0400 

@article{saarela2016case,
  title={A case-base sampling method for estimating recurrent event intensities},
  author={Saarela, Olli},
  journal={Lifetime data analysis},
  volume={22},
  pages={589--605},
  year={2016},
  publisher={Springer}
}



@article{dsmPaper,
	author = {Nagpal, Chirag and Li, Xinyu Rachel and Dubrawski, Artur},
	journal = {IEEE Journal of Biomedical and Health Informatics},
	note = {Software downloaded March 10, 2021},
	publisher = {IEEE},
	title = {Deep survival machines: Fully parametric survival regression and representation learning for censored data with competing risks},
	year = {2021}}

@inproceedings{nagpal2021deep,
  title={Deep parametric time-to-event regression with time-varying covariates},
  author={Nagpal, Chirag and Jeanselme, Vincent and Dubrawski, Artur},
  booktitle={Survival Prediction-Algorithms, Challenges and Applications},
  pages={184--193},
  year={2021},
  organization={PMLR}
}

@article{gao2006time,
  title={Time-varying risk factors for long-term mortality after coronary artery bypass graft surgery},
  author={Gao, Dexiang and Grunwald, Gary K and Rumsfeld, John S and Schooley, Lynn and MacKenzie, Todd and Shroyer, A Laurie W},
  journal={The Annals of thoracic surgery},
  volume={81},
  number={3},
  pages={793--799},
  year={2006},
  publisher={Elsevier}
}


@article{salmon2023clinical,
  title={Clinical effectiveness reporting of novel cancer drugs in the context of non-proportional hazards: a review of nice single technology appraisals},
  author={Salmon, David and Melendez-Torres, GJ},
  journal={International Journal of Technology Assessment in Health Care},
  volume={39},
  number={1},
  pages={e16},
  year={2023},
  publisher={Cambridge University Press}
}


@article{na2020time,
  title={Time-varying and dose-dependent effect of long-term statin use on risk of type 2 diabetes: a retrospective cohort study},
  author={Na, Eonji and Cho, Sunyoung and Kim, Dae Jung and Choi, Junjeong and Han, Euna},
  journal={Cardiovascular diabetology},
  volume={19},
  number={1},
  pages={1--11},
  year={2020},
  publisher={BioMed Central}
}

@article{cox1972regression,
  title={Regression models and life-tables},
  author={Cox, David R},
  journal={Journal of the Royal Statistical Society: Series B (Methodological)},
  volume={34},
  number={2},
  pages={187--202},
  year={1972},
  publisher={Wiley Online Library}
}

@article{zhu2022time,
  title={Time-varying association between body mass index and all-cause mortality in patients with hypertension},
  author={Zhu, Jingjing and Liu, Xiaohua and Zhang, Jinling and Li, Jun and Chen, Linli and Huang, Chen and Li, Jiong and Yu, Yongfu and Xu, Huilin and Qin, Guoyou},
  journal={International Journal of Obesity},
  volume={46},
  number={2},
  pages={316--324},
  year={2022},
  publisher={Nature Publishing Group UK London}
}

@article{jia2023dccafn,
  title={DCCAFN: deep convolution cascade attention fusion network based on imaging genomics for prediction survival analysis of lung cancer},
  author={Jia, Liye and Ren, Xueting and Wu, Wei and Zhao, Juanjuan and Qiang, Yan and Yang, Qianqian},
  journal={Complex \& Intelligent Systems},
  pages={1--16},
  year={2023},
  publisher={Springer}
}

@inproceedings{wu2021deepmmsa,
  title={Deepmmsa: A novel multimodal deep learning method for non-small cell lung cancer survival analysis},
  author={Wu, Yujiao and Ma, Jie and Huang, Xiaoshui and Ling, Sai Ho and Su, Steven Weidong},
  booktitle={2021 IEEE International Conference on Systems, Man, and Cybernetics (SMC)},
  pages={1468--1472},
  year={2021},
  organization={IEEE}
}

@article{wang2021gpdbn,
  title={GPDBN: deep bilinear network integrating both genomic data and pathological images for breast cancer prognosis prediction},
  author={Wang, Zhiqin and Li, Ruiqing and Wang, Minghui and Li, Ao},
  journal={Bioinformatics},
  volume={37},
  number={18},
  pages={2963--2970},
  year={2021},
  publisher={Oxford University Press}
}

@article{zadeh2020deepsurvnet,
  title={DeepSurvNet: deep survival convolutional network for brain cancer survival rate classification based on histopathological images},
  author={Zadeh Shirazi, Amin and Fornaciari, Eric and Bagherian, Narjes Sadat and Ebert, Lisa M and Koszyca, Barbara and Gomez, Guillermo A},
  journal={Medical \& biological engineering \& computing},
  volume={58},
  pages={1031--1045},
  year={2020},
  publisher={Springer}
}

@article{huang2020deep,
  title={Deep learning-based cancer survival prognosis from RNA-seq data: approaches and evaluations},
  author={Huang, Zhi and Johnson, Travis S and Han, Zhi and Helm, Bryan and Cao, Sha and Zhang, Chi and Salama, Paul and Rizkalla, Maher and Yu, Christina Y and Cheng, Jun and others},
  journal={BMC medical genomics},
  volume={13},
  pages={1--12},
  year={2020},
  publisher={Springer}
}


@article{vale2021long,
  title={Long-term cancer survival prediction using multimodal deep learning},
  author={Vale-Silva, Luis A and Rohr, Karl},
  journal={Scientific Reports},
  volume={11},
  number={1},
  pages={13505},
  year={2021},
  publisher={Nature Publishing Group UK London}
}

@article{gensheimer2019scalable,
  title={A scalable discrete-time survival model for neural networks},
  author={Gensheimer, Michael F and Narasimhan, Balasubramanian},
  journal={PeerJ},
  volume={7},
  pages={e6257},
  year={2019},
  publisher={PeerJ Inc.}
}



@inproceedings{kopper2022deeppamm,
  title={DeepPAMM: Deep Piecewise Exponential Additive Mixed Models for Complex Hazard Structures in Survival Analysis},
  author={Kopper, Philipp and Wiegrebe, Simon and Bischl, Bernd and Bender, Andreas and R{\"u}gamer, David},
  booktitle={Pacific-Asia Conference on Knowledge Discovery and Data Mining},
  pages={249--261},
  year={2022},
  organization={Springer}
}
@article{RJ-2022-052,
  author = {Bhatnagar*, Sahir Rai and Turgeon*, Maxime and Islam, Jesse and Hanley, James A. and Saarela, Olli},
  title = {The R Journal: casebase: An Alternative Framework for Survival Analysis and Comparison of Event Rates},
  journal = {The R Journal},
  year = {2022},
  note = {https://doi.org/10.32614/RJ-2022-052},
  doi = {10.32614/RJ-2022-052},
  volume = {14},
  issue = {3},
  issn = {2073-4859},
  pages = {59-79}
}

@article{tang2023explainable,
  title={Explainable survival analysis with uncertainty using convolution-involved vision transformer},
  author={Tang, Zhihao and Liu, Li and Chen, Zongyi and Ma, Guixiang and Dong, Jiyan and Sun, Xujie and Zhang, Xi and Li, Chaozhuo and Zheng, Qingfeng and Yang, Lin and others},
  journal={Computerized Medical Imaging and Graphics},
  volume={110},
  pages={102302},
  year={2023},
  publisher={Elsevier}
}

@article{chen2023pathological,
  title={The pathological risk score: A new deep learning-based signature for predicting survival in cervical cancer},
  author={Chen, Chi and Cao, Yuye and Li, Weili and Liu, Zhenyu and Liu, Ping and Tian, Xin and Sun, Caixia and Wang, Wuliang and Gao, Han and Kang, Shan and others},
  journal={Cancer Medicine},
  volume={12},
  number={2},
  pages={1051--1063},
  year={2023},
  publisher={Wiley Online Library}
}

@article{wulczyn2020deep,
  title={Deep learning-based survival prediction for multiple cancer types using histopathology images},
  author={Wulczyn, Ellery and Steiner, David F and Xu, Zhaoyang and Sadhwani, Apaar and Wang, Hongwu and Flament-Auvigne, Isabelle and Mermel, Craig H and Chen, Po-Hsuan Cameron and Liu, Yun and Stumpe, Martin C},
  journal={PloS one},
  volume={15},
  number={6},
  pages={e0233678},
  year={2020},
  publisher={Public Library of Science San Francisco, CA USA}
}


@inproceedings{giunchiglia2018rnn,
  title={Rnn-surv: A deep recurrent model for survival analysis},
  author={Giunchiglia, Eleonora and Nemchenko, Anton and van der Schaar, Mihaela},
  booktitle={Artificial Neural Networks and Machine Learning--ICANN 2018: 27th International Conference on Artificial Neural Networks, Rhodes, Greece, October 4-7, 2018, Proceedings, Part III 27},
  pages={23--32},
  year={2018},
  organization={Springer}
}

% DeepSurv equivalents
@article{mobadersany2018predicting,
  title={Predicting cancer outcomes from histology and genomics using convolutional networks},
  author={Mobadersany, Pooya and Yousefi, Safoora and Amgad, Mohamed and Gutman, David A and Barnholtz-Sloan, Jill S and Vel{\'a}zquez Vega, Jos{\'e} E and Brat, Daniel J and Cooper, Lee AD},
  journal={Proceedings of the National Academy of Sciences},
  volume={115},
  number={13},
  pages={E2970--E2979},
  year={2018},
  publisher={National Acad Sciences}
}

@inproceedings{zhu2017wsisa,
  title={Wsisa: Making survival prediction from whole slide histopathological images},
  author={Zhu, Xinliang and Yao, Jiawen and Zhu, Feiyun and Huang, Junzhou},
  booktitle={Proceedings of the IEEE conference on computer vision and pattern recognition},
  pages={7234--7242},
  year={2017}
}

@article{barbieri2022predicting,
  title={Predicting cardiovascular risk from national administrative databases using a combined survival analysis and deep learning approach},
  author={Barbieri, Sebastiano and Mehta, Suneela and Wu, Billy and Bharat, Chrianna and Poppe, Katrina and Jorm, Louisa and Jackson, Rod},
  journal={International Journal of Epidemiology},
  volume={51},
  number={3},
  pages={931--944},
  year={2022},
  publisher={Oxford University Press}
}

@article{li2022hfbsurv,
  title={HFBSurv: hierarchical multimodal fusion with factorized bilinear models for cancer survival prediction},
  author={Li, Ruiqing and Wu, Xingqi and Li, Ao and Wang, Minghui},
  journal={Bioinformatics},
  volume={38},
  number={9},
  pages={2587--2594},
  year={2022},
  publisher={Oxford University Press}
}

@article{hao2022joint,
  title={Joint learning sample similarity and correlation representation for cancer survival prediction},
  author={Hao, Yaru and Jing, Xiao-Yuan and Sun, Qixing},
  journal={BMC bioinformatics},
  volume={23},
  number={1},
  pages={553},
  year={2022},
  publisher={Springer}
}

@article{meng2022novel,
  title={A novel attention-mechanism based cox survival model by exploiting pan-cancer empirical genomic information},
  author={Meng, Xiangyu and Wang, Xun and Zhang, Xudong and Zhang, Chaogang and Zhang, Zhiyuan and Zhang, Kuijie and Wang, Shudong},
  journal={Cells},
  volume={11},
  number={9},
  pages={1421},
  year={2022},
  publisher={MDPI}
}


@article{she2020development,
  title={Development and validation of a deep learning model for non-small cell lung cancer survival},
  author={She, Yunlang and Jin, Zhuochen and Wu, Junqi and Deng, Jiajun and Zhang, Lei and Su, Hang and Jiang, Gening and Liu, Haipeng and Xie, Dong and Cao, Nan and others},
  journal={JAMA network open},
  volume={3},
  number={6},
  pages={e205842--e205842},
  year={2020},
  publisher={American Medical Association}
}

@article{ching2018cox,
  title={Cox-nnet: an artificial neural network method for prognosis prediction of high-throughput omics data},
  author={Ching, Travers and Zhu, Xun and Garmire, Lana X},
  journal={PLoS computational biology},
  volume={14},
  number={4},
  pages={e1006076},
  year={2018},
  publisher={Public Library of Science San Francisco, CA USA}
}

@article{wang2021cox,
  title={Cox-nnet v2. 0: improved neural-network-based survival prediction extended to large-scale EMR data},
  author={Wang, Di and Jing, Zheng and He, Kevin and Garmire, Lana X},
  journal={Bioinformatics},
  volume={37},
  number={17},
  pages={2772--2774},
  year={2021},
  publisher={Oxford University Press}
}

@inproceedings{yin2022cox,
  title={Cox-ResNet: A Survival Analysis Model Based on Residual Neural Networks for Gene Expression Data},
  author={Yin, Qingyan and Chen, Wangwang and Wu, Ruiping and Wei, Zhi},
  booktitle={2022 IEEE International Conference on Networking, Sensing and Control (ICNSC)},
  pages={1--6},
  year={2022},
  organization={IEEE}
}

@article{kaynar2023pideel,
  title={PiDeeL: metabolic pathway-informed deep learning model for survival analysis and pathological classification of gliomas},
  author={Kaynar, Gun and Cakmakci, Doruk and Bund, Caroline and Todeschi, Julien and Namer, Izzie Jacques and Cicek, A Ercument},
  journal={Bioinformatics},
  volume={39},
  number={11},
  pages={btad684},
  year={2023},
  publisher={Oxford University Press}
}


@article{chen2020pathomic,
  title={Pathomic fusion: an integrated framework for fusing histopathology and genomic features for cancer diagnosis and prognosis},
  author={Chen, Richard J and Lu, Ming Y and Wang, Jingwen and Williamson, Drew FK and Rodig, Scott J and Lindeman, Neal I and Mahmood, Faisal},
  journal={IEEE Transactions on Medical Imaging},
  volume={41},
  number={4},
  pages={757--770},
  year={2020},
  publisher={IEEE}
}

@inproceedings{aalen1980model,
  title={A model for nonparametric regression analysis of counting processes},
  author={Aalen, Odd},
  booktitle={Mathematical Statistics and Probability Theory: Proceedings, Sixth International Conference, Wis{\l}a (Poland), 1978},
  pages={1--25},
  year={1980},
  organization={Springer}
}

@article{hao2021deep,
  title={Deep learning-based survival analysis for high-dimensional survival data},
  author={Hao, Lin and Kim, Juncheol and Kwon, Sookhee and Ha, Il Do},
  journal={Mathematics},
  volume={9},
  number={11},
  pages={1244},
  year={2021},
  publisher={MDPI}
}


%% Saved with string encoding Unicode (UTF-8) 

@article{ds3,
  title={Deep learning-based survival prediction of oral cancer patients},
  author={Kim, Dong Wook and Lee, Sanghoon and Kwon, Sunmo and Nam, Woong and Cha, In-Ho and Kim, Hyung Jun},
  journal={Scientific reports},
  volume={9},
  number={1},
  pages={1--10},
  year={2019},
  publisher={Springer}
}

@article{ds2,
  title={Deep learning-based survival analysis for brain metastasis patients with the national cancer database},
  author={Bice, Noah and Kirby, Neil and Bahr, Tyler and Rasmussen, Karl and Saenz, Daniel and Wagner, Timothy and Papanikolaou, Niko and Fakhreddine, Mohamad},
  journal={Journal of applied clinical medical physics},
  volume={21},
  number={9},
  pages={187--192},
  year={2020},
  publisher={Wiley Online Library}
}

@article{ds1,
  title={Deep-learning model for predicting the survival of rectal adenocarcinoma patients based on a surveillance, epidemiology, and end results analysis},
  author={Yu, Haohui and Huang, Tao and Feng, Bin and Lyu, Jun},
  journal={BMC cancer},
  volume={22},
  number={1},
  pages={1--14},
  year={2022},
  publisher={BioMed Central}
}


@article{mm2flc,
  title={International Myeloma Working Group guidelines for serum-free light chain analysis in multiple myeloma and related disorders},
  author={Dispenzieri, Angela and Kyle, Robert and Merlini, Giampaolo and Miguel, JS and Ludwig, Heinz and H{\'a}jek, Roman and Palumbo, Antonio and Jagannath, Sundar and Blad{\'e}, Joan and Lonial, Sagar and others},
  journal={Leukemia},
  volume={23},
  number={2},
  pages={215--224},
  year={2009},
  publisher={Nature Publishing Group}
}


@article{cbpkg,
  title={casebase: An Alternative Framework For Survival Analysis and Comparison of Event Rates},
  author={Bhatnagar, Sahir Rai and Turgeon, Maxime and Islam, Jesse and Hanley, James A and Saarela, Olli},
  journal={arXiv preprint arXiv:2009.10264},
  year={2020}
}

@article{mantel1,
  title={Synthetic retrospective studies and related topics},
  author={Mantel, Nathan},
  journal={Biometrics},
  pages={479--486},
  year={1973},
  publisher={JSTOR}
}


@article{interpret,
  title={A survey on neural network interpretability},
  author={Zhang, Yu and Ti{\v{n}}o, Peter and Leonardis, Ale{\v{s}} and Tang, Ke},
  journal={IEEE Transactions on Emerging Topics in Computational Intelligence},
  volume={5},
  number={5},
  pages={726--742},
  year={2021},
  publisher={IEEE}
}

@article{auc,
  title={Quantifying and comparing dynamic predictive accuracy of joint models for longitudinal marker and time-to-event in presence of censoring and competing risks},
  author={Blanche, Paul and Proust-Lima, C{\'e}cile and Loubere, Lucie and Berr, Claudine and Dartigues, Jean-Fran{\c{c}}ois and Jacqmin-Gadda, H{\'e}l{\`e}ne},
  journal={Biometrics},
  volume={71},
  number={1},
  pages={102--113},
  year={2015},
  publisher={Wiley Online Library}
}


@article{prostate,
  title={Outcomes of localized prostate cancer following conservative management},
  author={Lu-Yao, Grace L and Albertsen, Peter C and Moore, Dirk F and Shih, Weichung and Lin, Yong and DiPaola, Robert S and Barry, Michael J and Zietman, Anthony and O’Leary, Michael and Walker-Corkery, Elizabeth and others},
  journal={Jama},
  volume={302},
  number={11},
  pages={1202--1209},
  year={2009},
  publisher={American Medical Association}
}

@inproceedings{flc,
  title={Use of nonclonal serum immunoglobulin free light chains to predict overall survival in the general population},
  author={Dispenzieri, Angela and Katzmann, Jerry A and Kyle, Robert A and Larson, Dirk R and Therneau, Terry M and Colby, Colin L and Clark, Raynell J and Mead, Graham P and Kumar, Shaji and Melton III, L Joseph and others},
  booktitle={Mayo Clinic Proceedings},
  volume={87},
  pages={517--523},
  year={2012},
  organization={Elsevier}
}

@article{myeloma,
	author = {R. Kyle},
	date-added = {2023-03-30 12:21:27 -0400},
	date-modified = {2023-03-30 12:23:03 -0400},
	journal = {New Eng J Medicine},
	title = {Long term survival in multiple myeloma},
	year = {1997}}

@article{hanley2009,
	author = {Hanley, James A and Miettinen, Olli S},
	journal = {The International Journal of Biostatistics},
	number = {1},
	publisher = {De Gruyter},
	title = {Fitting {smooth-in-time} prognostic risk functions via logistic regression},
	volume = {5},
	year = {2009}}

@book{gulli2017,
	author = {Gulli, Antonio and Pal, Sujit},
	publisher = {Packt Publishing Ltd},
	title = {Deep learning with Keras},
	year = {2017}}

@article{lee2018DeepHit,
	author = {Lee, Changhee and Zame, William R and Yoon, Jinsung and Schaar, Mihaela van der},
	journal = {AAAI Conference on Artificial Intelligence},
	note = {Software from pycox version 0.2.2},
	pages = {2314--2321},
	title = {DeepHit: A Deep Learning Approach to Survival Analysis With Competing Risks.},
	year = {2018}}

@article{katzman2018DeepSurv,
	author = {Katzman, Jared L and Shaham, Uri and Cloninger, Alexander and Bates, Jonathan and Jiang, Tingting and Kluger, Yuval},
	journal = {BMC Medical Research Methodology},
	number = {1},
	pages = {24},
	publisher = {Springer},
	title = {DeepSurv: personalized treatment recommender system using a Cox proportional hazards deep neural network},
	volume = {18},
	year = {2018}}

@article{knaus1995SUPPORT,
	author = {Knaus, William A and Harrell, Frank E and Lynn, Joanne and Goldman, Lee and Phillips, Russell S and Connors, Alfred F and Dawson, Neal V and Fulkerson, William J and Califf, Robert M and Desbiens, Norman and others},
	journal = {Annals of Internal Medicine},
	number = {3},
	pages = {191--203},
	publisher = {Am Coll Physicians},
	title = {The SUPPORT prognostic model: Objective estimates of survival for seriously ill hospitalized adults},
	volume = {122},
	year = {1995}}

@article{srivastava2014dropout,
	author = {Srivastava, Nitish and Hinton, Geoffrey and Krizhevsky, Alex and Sutskever, Ilya and Salakhutdinov, Ruslan},
	journal = {The Journal of Machine Learning Research},
	number = {1},
	pages = {1929--1958},
	publisher = {JMLR.org},
	title = {Dropout: A simple way to prevent neural networks from overfitting},
	volume = {15},
	year = {2014}}


@article{kattan2018index,
	author = {Kattan, Michael W and Gerds, Thomas A},
	journal = {Diagnostic and prognostic research},
	number = {1},
	pages = {1--7},
	publisher = {Springer},
	title = {The index of prediction accuracy: an intuitive measure useful for evaluating risk prediction models},
	volume = {2},
	year = {2018}}

@article{curtis2012genomic,
	author = {Curtis, Christina and Shah, Sohrab P and Chin, Suet-Feung and Turashvili, Gulisa and Rueda, Oscar M and Dunning, Mark J and Speed, Doug and Lynch, Andy G and Samarajiwa, Shamith and Yuan, Yinyin and others},
	journal = {Nature},
	number = {7403},
	pages = {346--352},
	publisher = {Nature Publishing Group},
	title = {The genomic and transcriptomic architecture of 2,000 breast tumours reveals novel subgroups},
	volume = {486},
	year = {2012}}

@article{graf1999,
	author = {Graf, Erika and Schmoor, Claudia and Sauerbrei, Willi and Schumacher, Martin},
	journal = {Statistics in medicine},
	number = {17-18},
	pages = {2529--2545},
	publisher = {Wiley Online Library},
	title = {Assessment and comparison of prognostic classification schemes for survival data},
	volume = {18},
	year = {1999}}

@article{uno2011,
	author = {Uno, Hajime and Cai, Tianxi and Pencina, Michael J and D'Agostino, Ralph B and Wei, Lee-Jen},
	journal = {Statistics in medicine},
	number = {10},
	pages = {1105--1117},
	publisher = {Wiley Online Library},
	title = {On the C-statistics for evaluating overall adequacy of risk prediction procedures with censored survival data},
	volume = {30},
	year = {2011}}

@article{saarela2015,
	author = {Saarela, Olli and Hanley, James A},
	journal = {Biometrics},
	number = {1},
	pages = {42--52},
	publisher = {Wiley Online Library},
	title = {Case-base methods for studying vaccination safety},
	volume = {71},
	year = {2015}}

@article{sksurv,
	author = {Sebastian P{\"o}lsterl},
	journal = {Journal of Machine Learning Research},
	note = {Version 0.14.0},
	number = {212},
	pages = {1-6},
	title = {scikit-survival: A Library for Time-to-Event Analysis Built on Top of scikit-learn},
	url = {http://jmlr.org/papers/v21/20-729.html},
	volume = {21},
	year = {2020},
	bdsk-url-1 = {http://jmlr.org/papers/v21/20-729.html}}

@book{py,
	address = {Scotts Valley, CA},
	author = {Van Rossum, Guido and Drake, Fred L.},
	isbn = {1441412697},
	note = {Version 3.8.12},
	publisher = {CreateSpace},
	title = {Python 3 Reference Manual},
	year = {2009}}

@article{flexsurv,
	author = {Christopher Jackson},
	doi = {10.18637/jss.v070.i08},
	journal = {Journal of Statistical Software},
	note = {R package version 2.0},
	number = {8},
	pages = {1--33},
	title = {{flexsurv}: A Platform for Parametric Survival Modeling in {R}},
	volume = {70},
	year = {2016},
	bdsk-url-1 = {https://doi.org/10.18637/jss.v070.i08}}

@book{riskRegression,
	author = {Thomas A. Gerds and Michael W. Kattan},
	note = {R package version 2021.10.10},
	publisher = {Chapman and Hall/CRC},
	title = {Medical Risk Prediction Models: With Ties to Machine Learning (1st ed.)},
	url = {https://doi.org/10.1201/9781138384484},
	year = {2021},
	bdsk-url-1 = {https://doi.org/10.1201/9781138384484}}

@article{ripley2004non,
	author = {Ripley, Ruth M and Harris, Adrian L and Tarassenko, Lionel},
	journal = {Statistics in medicine},
	number = {5},
	pages = {825--842},
	publisher = {Wiley Online Library},
	title = {Non-linear survival analysis using neural networks},
	volume = {23},
	year = {2004}}

@article{ribeiro2016model,
	author = {Ribeiro, Marco Tulio and Singh, Sameer and Guestrin, Carlos},
	journal = {arXiv preprint arXiv:1606.05386},
	title = {Model-agnostic interpretability of machine learning},
	year = {2016}}

@article{royston2002flexible,
	author = {Royston, Patrick and Parmar, Mahesh KB},
	journal = {Statistics in medicine},
	number = {15},
	pages = {2175--2197},
	publisher = {Wiley Online Library},
	title = {Flexible parametric proportional-hazards and proportional-odds models for censored survival data, with application to prognostic modelling and estimation of treatment effects},
	volume = {21},
	year = {2002}}

@article{cindexfails2019,
	author = {Blanche, Paul and Kattan, Michael W and Gerds, Thomas A},
	journal = {Biostatistics},
	number = {2},
	pages = {347--357},
	publisher = {Oxford University Press},
	title = {The c-index is not proper for the evaluation of-year predicted risks},
	volume = {20},
	year = {2019}}

@article{hilsenbeck1998time,
	author = {Hilsenbeck, Susan G and Ravdin, Peter M and Moor, Carl A de and Chamness, Gary C and Osborne, C Kent and Clark, Gary M},
	journal = {Breast cancer research and treatment},
	number = {1},
	pages = {227--237},
	publisher = {Springer},
	title = {Time-dependence of hazard ratios for prognostic factors in primary breast cancer},
	volume = {52},
	year = {1998}}

@article{coradini2000time,
	author = {Coradini, Danila and Daidone, Maria Grazia and Boracchi, Patrizia and Biganzoli, Elia and Oriana, Saro and Bresciani, Gianluigi and Pellizzaro, Cinzia and Tomasic, Gorana and Di Fronzo, Giovanni and Marubini, Ettore},
	journal = {Journal of clinical oncology},
	number = {14},
	pages = {2702--2709},
	publisher = {American Society of Clinical Oncology},
	title = {Time-dependent relevance of steroid receptors in breast cancer},
	volume = {18},
	year = {2000}}

@article{bozinovski2020reminder,
	author = {Bozinovski, Stevo},
	journal = {Informatica},
	number = {3},
	title = {Reminder of the first paper on transfer learning in neural networks, 1976},
	volume = {44},
	year = {2020}}

@book{hughes2020calculus,
	author = {Hughes-Hallett, Deborah and Gleason, Andrew M and McCallum, William G},
	publisher = {John Wiley \& Sons},
	title = {Calculus: Single and multivariable},
	year = {2020}}

@book{kleinbaum2012survival,
	author = {Kleinbaum, David G and Klein, Mitchel},
	publisher = {Springer},
	title = {Survival analysis: a self-learning text},
	volume = {3},
	year = {2012}}

@article{simsurv,
	author = {Samuel L. Brilleman and Rory Wolfe and Margarita Moreno-Betancur and Michael J. Crowther},
	doi = {10.18637/jss.v097.i03},
	journal = {Journal of Statistical Software},
	number = {3},
	pages = {1--27},
	title = {Simulating Survival Data Using the {simsurv} {R} Package},
	volume = {97},
	year = {2020},
	bdsk-url-1 = {https://doi.org/10.18637/jss.v097.i03}}

@book{survpkg,
	address = {New York},
	author = {{Terry M. Therneau} and {Patricia M. Grambsch}},
	isbn = {0-387-98784-3},
	note = {R package version 3.2-11},
	publisher = {Springer},
	title = {Modeling Survival Data: Extending the {C}ox Model},
	year = {2000}}

@manual{Rsoft,
	address = {Vienna, Austria},
	author = {{R Core Team}},
	organization = {R Foundation for Statistical Computing},
	title = {R: A Language and Environment for Statistical Computing},
	url = {https://www.R-project.org/},
	year = {2021},
	note = {Version 4.1.2},
	bdsk-url-1 = {https://www.R-project.org/}}

@manual{reticulate,
	author = {Kevin Ushey and JJ Allaire and Yuan Tang},
	note = {R package version 1.22},
	title = {reticulate: Interface to 'Python'},
	url = {https://CRAN.R-project.org/package=reticulate},
	year = {2021},
	bdsk-url-1 = {https://CRAN.R-project.org/package=reticulate}}


  @Manual{asaur,
    title = {asaur: Data Sets for "Applied Survival Analysis Using R""},
    author = {Dirk F. Moore},
    year = {2016},
    note = {R package version 0.50},
    url = {https://CRAN.R-project.org/package=asaur},
    bdsk-url-1 = {https://CRAN.R-project.org/package=asaur}}

@manual{tf,
	author = {JJ Allaire and Yuan Tang},
	note = {R package version 2.7.0},
	title = {tensorflow: R Interface to 'TensorFlow'},
	url = {https://CRAN.R-project.org/package=tensorflow},
	year = {2021},
	bdsk-url-1 = {https://CRAN.R-project.org/package=tensorflow}}

@manual{keras,
	author = {JJ Allaire and Fran{\c c}ois Chollet},
	note = {R package version 2.7.0},
	title = {keras: R Interface to 'Keras'},
	url = {https://CRAN.R-project.org/package=keras},
	year = {2021},
	bdsk-url-1 = {https://CRAN.R-project.org/package=keras}}
@article{kingma2014adam,
  title={Adam: A method for stochastic optimization},
  author={Kingma, Diederik P and Ba, Jimmy},
  journal={arXiv preprint arXiv:1412.6980},
  year={2014}
}