%% This BibTeX bibliography file was created using BibDesk.
%% https://bibdesk.sourceforge.io/

%% Created for Jesse Islam at 2023-03-30 13:14:10 -0400 


%% Saved with string encoding Unicode (UTF-8) 

@article{mantel1,
  title={Synthetic retrospective studies and related topics},
  author={Mantel, Nathan},
  journal={Biometrics},
  pages={479--486},
  year={1973},
  publisher={JSTOR}
}


@article{interpret,
  title={A survey on neural network interpretability},
  author={Zhang, Yu and Ti{\v{n}}o, Peter and Leonardis, Ale{\v{s}} and Tang, Ke},
  journal={IEEE Transactions on Emerging Topics in Computational Intelligence},
  volume={5},
  number={5},
  pages={726--742},
  year={2021},
  publisher={IEEE}
}

@article{auc,
  title={Quantifying and comparing dynamic predictive accuracy of joint models for longitudinal marker and time-to-event in presence of censoring and competing risks},
  author={Blanche, Paul and Proust-Lima, C{\'e}cile and Loubere, Lucie and Berr, Claudine and Dartigues, Jean-Fran{\c{c}}ois and Jacqmin-Gadda, H{\'e}l{\`e}ne},
  journal={Biometrics},
  volume={71},
  number={1},
  pages={102--113},
  year={2015},
  publisher={Wiley Online Library}
}


@article{prostate,
  title={Outcomes of localized prostate cancer following conservative management},
  author={Lu-Yao, Grace L and Albertsen, Peter C and Moore, Dirk F and Shih, Weichung and Lin, Yong and DiPaola, Robert S and Barry, Michael J and Zietman, Anthony and Oâ€™Leary, Michael and Walker-Corkery, Elizabeth and others},
  journal={Jama},
  volume={302},
  number={11},
  pages={1202--1209},
  year={2009},
  publisher={American Medical Association}
}

@inproceedings{flc,
  title={Use of nonclonal serum immunoglobulin free light chains to predict overall survival in the general population},
  author={Dispenzieri, Angela and Katzmann, Jerry A and Kyle, Robert A and Larson, Dirk R and Therneau, Terry M and Colby, Colin L and Clark, Raynell J and Mead, Graham P and Kumar, Shaji and Melton III, L Joseph and others},
  booktitle={Mayo Clinic Proceedings},
  volume={87},
  number={6},
  pages={517--523},
  year={2012},
  organization={Elsevier}
}

@article{myeloma,
	author = {R. Kyle},
	date-added = {2023-03-30 12:21:27 -0400},
	date-modified = {2023-03-30 12:23:03 -0400},
	journal = {New Eng J Medicine},
	title = {Long term survival in multiple myeloma},
	year = {1997}}

@article{hanley2009,
	author = {Hanley, James A and Miettinen, Olli S},
	journal = {The International Journal of Biostatistics},
	number = {1},
	publisher = {De Gruyter},
	title = {Fitting {smooth-in-time} prognostic risk functions via logistic regression},
	volume = {5},
	year = {2009}}

@book{gulli2017,
	author = {Gulli, Antonio and Pal, Sujit},
	publisher = {Packt Publishing Ltd},
	title = {Deep learning with Keras},
	year = {2017}}

@article{lee2018DeepHit,
	author = {Lee, Changhee and Zame, William R and Yoon, Jinsung and Schaar, Mihaela van der},
	journal = {AAAI Conference on Artificial Intelligence},
	note = {Software from pycox version 0.2.2},
	pages = {2314--2321},
	title = {DeepHit: A Deep Learning Approach to Survival Analysis With Competing Risks.},
	year = {2018}}

@article{katzman2018DeepSurv,
	author = {Katzman, Jared L and Shaham, Uri and Cloninger, Alexander and Bates, Jonathan and Jiang, Tingting and Kluger, Yuval},
	journal = {BMC Medical Research Methodology},
	number = {1},
	pages = {24},
	publisher = {Springer},
	title = {DeepSurv: personalized treatment recommender system using a Cox proportional hazards deep neural network},
	volume = {18},
	year = {2018}}

@article{knaus1995SUPPORT,
	author = {Knaus, William A and Harrell, Frank E and Lynn, Joanne and Goldman, Lee and Phillips, Russell S and Connors, Alfred F and Dawson, Neal V and Fulkerson, William J and Califf, Robert M and Desbiens, Norman and others},
	journal = {Annals of Internal Medicine},
	number = {3},
	pages = {191--203},
	publisher = {Am Coll Physicians},
	title = {The SUPPORT prognostic model: Objective estimates of survival for seriously ill hospitalized adults},
	volume = {122},
	year = {1995}}

@article{srivastava2014dropout,
	author = {Srivastava, Nitish and Hinton, Geoffrey and Krizhevsky, Alex and Sutskever, Ilya and Salakhutdinov, Ruslan},
	journal = {The Journal of Machine Learning Research},
	number = {1},
	pages = {1929--1958},
	publisher = {JMLR.org},
	title = {Dropout: A simple way to prevent neural networks from overfitting},
	volume = {15},
	year = {2014}}

@article{dsmPaper,
	author = {Nagpal, Chirag and Li, Xinyu Rachel and Dubrawski, Artur},
	journal = {IEEE Journal of Biomedical and Health Informatics},
	note = {Software downloaded March 10, 2021},
	publisher = {IEEE},
	title = {Deep survival machines: Fully parametric survival regression and representation learning for censored data with competing risks},
	year = {2021}}

@article{kattan2018index,
	author = {Kattan, Michael W and Gerds, Thomas A},
	journal = {Diagnostic and prognostic research},
	number = {1},
	pages = {1--7},
	publisher = {Springer},
	title = {The index of prediction accuracy: an intuitive measure useful for evaluating risk prediction models},
	volume = {2},
	year = {2018}}

@article{curtis2012genomic,
	author = {Curtis, Christina and Shah, Sohrab P and Chin, Suet-Feung and Turashvili, Gulisa and Rueda, Oscar M and Dunning, Mark J and Speed, Doug and Lynch, Andy G and Samarajiwa, Shamith and Yuan, Yinyin and others},
	journal = {Nature},
	number = {7403},
	pages = {346--352},
	publisher = {Nature Publishing Group},
	title = {The genomic and transcriptomic architecture of 2,000 breast tumours reveals novel subgroups},
	volume = {486},
	year = {2012}}

@article{graf1999,
	author = {Graf, Erika and Schmoor, Claudia and Sauerbrei, Willi and Schumacher, Martin},
	journal = {Statistics in medicine},
	number = {17-18},
	pages = {2529--2545},
	publisher = {Wiley Online Library},
	title = {Assessment and comparison of prognostic classification schemes for survival data},
	volume = {18},
	year = {1999}}

@article{uno2011,
	author = {Uno, Hajime and Cai, Tianxi and Pencina, Michael J and D'Agostino, Ralph B and Wei, Lee-Jen},
	journal = {Statistics in medicine},
	number = {10},
	pages = {1105--1117},
	publisher = {Wiley Online Library},
	title = {On the C-statistics for evaluating overall adequacy of risk prediction procedures with censored survival data},
	volume = {30},
	year = {2011}}

@article{saarela2015,
	author = {Saarela, Olli and Hanley, James A},
	journal = {Biometrics},
	number = {1},
	pages = {42--52},
	publisher = {Wiley Online Library},
	title = {Case-base methods for studying vaccination safety},
	volume = {71},
	year = {2015}}

@article{sksurv,
	author = {Sebastian P{\"o}lsterl},
	journal = {Journal of Machine Learning Research},
	note = {Version 0.14.0},
	number = {212},
	pages = {1-6},
	title = {scikit-survival: A Library for Time-to-Event Analysis Built on Top of scikit-learn},
	url = {http://jmlr.org/papers/v21/20-729.html},
	volume = {21},
	year = {2020},
	bdsk-url-1 = {http://jmlr.org/papers/v21/20-729.html}}

@book{py,
	address = {Scotts Valley, CA},
	author = {Van Rossum, Guido and Drake, Fred L.},
	isbn = {1441412697},
	note = {Version 3.6.13},
	publisher = {CreateSpace},
	title = {Python 3 Reference Manual},
	year = {2009}}

@article{flexsurv,
	author = {Christopher Jackson},
	doi = {10.18637/jss.v070.i08},
	journal = {Journal of Statistical Software},
	note = {R package version 2.0},
	number = {8},
	pages = {1--33},
	title = {{flexsurv}: A Platform for Parametric Survival Modeling in {R}},
	volume = {70},
	year = {2016},
	bdsk-url-1 = {https://doi.org/10.18637/jss.v070.i08}}

@book{riskRegression,
	author = {Thomas A. Gerds and Michael W. Kattan},
	note = {R package version 2021.10.10},
	publisher = {Chapman and Hall/CRC},
	title = {Medical Risk Prediction Models: With Ties to Machine Learning (1st ed.)},
	url = {https://doi.org/10.1201/9781138384484},
	year = {2021},
	bdsk-url-1 = {https://doi.org/10.1201/9781138384484}}

@article{sun2020genome,
	author = {Sun, Tao and Wei, Yue and Chen, Wei and Ding, Ying},
	journal = {Statistics in medicine},
	number = {30},
	pages = {4605--4620},
	publisher = {Wiley Online Library},
	title = {Genome-wide association study-based deep learning for survival prediction},
	volume = {39},
	year = {2020}}

@article{ripley2004non,
	author = {Ripley, Ruth M and Harris, Adrian L and Tarassenko, Lionel},
	journal = {Statistics in medicine},
	number = {5},
	pages = {825--842},
	publisher = {Wiley Online Library},
	title = {Non-linear survival analysis using neural networks},
	volume = {23},
	year = {2004}}

@article{faraggi1995neural,
	author = {Faraggi, David and Simon, Richard},
	journal = {Statistics in medicine},
	number = {1},
	pages = {73--82},
	publisher = {Wiley Online Library},
	title = {A neural network model for survival data},
	volume = {14},
	year = {1995}}

@article{ribeiro2016model,
	author = {Ribeiro, Marco Tulio and Singh, Sameer and Guestrin, Carlos},
	journal = {arXiv preprint arXiv:1606.05386},
	title = {Model-agnostic interpretability of machine learning},
	year = {2016}}

@article{royston2002flexible,
	author = {Royston, Patrick and Parmar, Mahesh KB},
	journal = {Statistics in medicine},
	number = {15},
	pages = {2175--2197},
	publisher = {Wiley Online Library},
	title = {Flexible parametric proportional-hazards and proportional-odds models for censored survival data, with application to prognostic modelling and estimation of treatment effects},
	volume = {21},
	year = {2002}}

@article{cindexfails2019,
	author = {Blanche, Paul and Kattan, Michael W and Gerds, Thomas A},
	journal = {Biostatistics},
	number = {2},
	pages = {347--357},
	publisher = {Oxford University Press},
	title = {The c-index is not proper for the evaluation of-year predicted risks},
	volume = {20},
	year = {2019}}

@article{hilsenbeck1998time,
	author = {Hilsenbeck, Susan G and Ravdin, Peter M and Moor, Carl A de and Chamness, Gary C and Osborne, C Kent and Clark, Gary M},
	journal = {Breast cancer research and treatment},
	number = {1},
	pages = {227--237},
	publisher = {Springer},
	title = {Time-dependence of hazard ratios for prognostic factors in primary breast cancer},
	volume = {52},
	year = {1998}}

@article{coradini2000time,
	author = {Coradini, Danila and Daidone, Maria Grazia and Boracchi, Patrizia and Biganzoli, Elia and Oriana, Saro and Bresciani, Gianluigi and Pellizzaro, Cinzia and Tomasic, Gorana and Di Fronzo, Giovanni and Marubini, Ettore},
	journal = {Journal of clinical oncology},
	number = {14},
	pages = {2702--2709},
	publisher = {American Society of Clinical Oncology},
	title = {Time-dependent relevance of steroid receptors in breast cancer},
	volume = {18},
	year = {2000}}

@article{bozinovski2020reminder,
	author = {Bozinovski, Stevo},
	journal = {Informatica},
	number = {3},
	title = {Reminder of the first paper on transfer learning in neural networks, 1976},
	volume = {44},
	year = {2020}}

@book{hughes2020calculus,
	author = {Hughes-Hallett, Deborah and Gleason, Andrew M and McCallum, William G},
	publisher = {John Wiley \& Sons},
	title = {Calculus: Single and multivariable},
	year = {2020}}

@book{kleinbaum2012survival,
	author = {Kleinbaum, David G and Klein, Mitchel},
	publisher = {Springer},
	title = {Survival analysis: a self-learning text},
	volume = {3},
	year = {2012}}

@article{simsurv,
	author = {Samuel L. Brilleman and Rory Wolfe and Margarita Moreno-Betancur and Michael J. Crowther},
	doi = {10.18637/jss.v097.i03},
	journal = {Journal of Statistical Software},
	number = {3},
	pages = {1--27},
	title = {Simulating Survival Data Using the {simsurv} {R} Package},
	volume = {97},
	year = {2020},
	bdsk-url-1 = {https://doi.org/10.18637/jss.v097.i03}}

@book{survpkg,
	address = {New York},
	author = {{Terry M. Therneau} and {Patricia M. Grambsch}},
	isbn = {0-387-98784-3},
	note = {R package version 3.2-11},
	publisher = {Springer},
	title = {Modeling Survival Data: Extending the {C}ox Model},
	year = {2000}}

@article{cbpkg,
	author = {Bhatnagar, Sahir Rai and Turgeon, Maxime and Islam, Jesse and Hanley, James A and Saarela, Olli},
	journal = {arXiv preprint arXiv:2009.10264},
	title = {casebase: An Alternative Framework For Survival Analysis and Comparison of Event Rates},
	year = {2020}}

@manual{Rsoft,
	address = {Vienna, Austria},
	author = {{R Core Team}},
	organization = {R Foundation for Statistical Computing},
	title = {R: A Language and Environment for Statistical Computing},
	url = {https://www.R-project.org/},
	year = {2021},
	bdsk-url-1 = {https://www.R-project.org/}}

@manual{reticulate,
	author = {Kevin Ushey and JJ Allaire and Yuan Tang},
	note = {R package version 1.22},
	title = {reticulate: Interface to 'Python'},
	url = {https://CRAN.R-project.org/package=reticulate},
	year = {2021},
	bdsk-url-1 = {https://CRAN.R-project.org/package=reticulate}}


  @Manual{asaur,
    title = {asaur: Data Sets for "Applied Survival Analysis Using R""},
    author = {Dirk F. Moore},
    year = {2016},
    note = {R package version 0.50},
    url = {https://CRAN.R-project.org/package=asaur},
    bdsk-url-1 = {https://CRAN.R-project.org/package=asaur}}

@manual{tf,
	author = {JJ Allaire and Yuan Tang},
	note = {R package version 2.7.0},
	title = {tensorflow: R Interface to 'TensorFlow'},
	url = {https://CRAN.R-project.org/package=tensorflow},
	year = {2021},
	bdsk-url-1 = {https://CRAN.R-project.org/package=tensorflow}}

@manual{keras,
	author = {JJ Allaire and Fran{\c c}ois Chollet},
	note = {R package version 2.7.0},
	title = {keras: R Interface to 'Keras'},
	url = {https://CRAN.R-project.org/package=keras},
	year = {2021},
	bdsk-url-1 = {https://CRAN.R-project.org/package=keras}}
